@article{epcSobCug,
	author = {O. G. Sobrinho and C. E. Cugnasca },
	title = {An Overview Of The EPCglobalÂ® Network 
},
journaltitle = {IEEE LATIN AMERICA TRANSACTIONS},
date = {JUNE 2013},
volume = {11},
number = {4},
pages = {1053-1059},
}

@online{case_epc_demo_ext,
	ALTauthor = {author},
	ALTeditor = {editor},
	title = {\url{http://www.gs1au.org/assets/documents/info/case_studies/case_epc_demo_ext.pdf}},
	date = {2 de Junho 2015},
	url = {http://www.gs1au.org/assets/documents/info/case_studies/case_epc_demo_ext.pdf},
}

@online{gs1,
	ALTauthor = {author},
	ALTeditor = {editor},
	title = {\url{www.gs1.org}},
	date = {date},
	url = {url},
}

@online{case_epc_demo,
	ALTauthor = {author},
	ALTeditor = {editor},
	title = {\url{http://www.gs1au.org/assets/documents/info/case_studies/case_epc_demo.pdf}},
	date = {date},
	url = {url},
}

@online{gs1arc,
	ALTauthor = {author},
	ALTeditor = {editor},
	title = {\url{http://www.gs1.org/sites/default/files/docs/architecture/GS1_System_Architecture.pdf}},
	date = {date},
	url = {url},
}

@book{rfidbook,
	author = {Bill Glover and Himanshu Bhatt},
	title = {RFID Essentials},
	date = {2006},
	editor = {O'Reilly},
}

@online{tags,
	ALTauthor = {author},
	ALTeditor = {editor},
	title = {\url{http://www.coresonant.com/images/rfid-tags-for-solar-module-india.JPG}},
	date = {date},
	url = {url},
}

@book{rfidbook2,
	author = {Klaus Finkenzeller
	},
	title = {RFID Handbook: Fundamentals and Applications in Contactless Smart Cards and Identification},
	date = {2010},
	editor = {Wiley},
	edition = {THIRD},
}

@online{renatarfid,
	ALTauthor = {author},
	ALTeditor = {editor},
	title = {\url{http://brasil.rfidjournal.com/artigos/vision?9940}},
	date = {date},
	url = {url},
}

@article{arnambReview,
	author = {Arun N. Nambiar },
	title = {RFID Technology: A Review of its Applications},
	journaltitle = {Proceedings of the World Congress on Engineering and Computer Science},
	date = {2009},
}

@online{rfidufjf,
	ALTauthor = {author},
	ALTeditor = {editor},
	title = {\url{http://www.gta.ufrj.br/grad/07_1/rfid/RFID_arquivos/Index.htm}},
	date = {Acessado em 22/06/2015},
	url = {url},
}

@book{livroigor,
	author = {Hamid Jabbar and Taikyeong Ted. Jeong, Ming-Shen Jian},
	title = { RFID System Integration and Application Examples, Radio Frequency Identification
	Fundamentals and Applications Bringing Research to Practice},
	date = {2010},
	editor = { Cristina Turcu },
}

@online{rfidjournal1,
	author = {},
	title = {\url{http://brasil.rfidjournal.com/estudos-de-caso/vision?11871/}},
	date = {Acessado em 24/06/2015},
	url = {url},
}

@online{rfidcase2,
	ALTauthor = {author},
	ALTeditor = {editor},
	title = {\url{http://brasil.rfidjournal.com/estudos-de-caso/vision?13164%2F}},
	date = {date},
	url = {url},
}
